@misc{innapropriateContent,
  title = {Inappropriate Content},
  howpublished = {\url{https://www.internetmatters.org/issues/inappropriate-content/}},
  note = {Accessed: 2018-05-30}
}

@book{lenhart2015teens,
  title={Teens, social media \& technology overview 2015},
  author={Lenhart, Amanda and Duggan, Maeve and Perrin, Andrew and Stepler, Renee and Rainie, Harrison and Parker, Kim},
  year={2015},
  publisher={Pew Research Center [Internet \& American Life Project]}
}

@article{baumrind1966effects,
  title={Effects of authoritative parental control on child behavior},
  author={Baumrind, Diana},
  journal={Child development},
  pages={887--907},
  year={1966},
  publisher={JSTOR}
}

@misc{contentGateway,
  title = {Content Gateway explicit and transparent proxy deployments},
  howpublished = {\url{https://www.websense.com/content/support/library/deployctr/v78/dic_wcg_deploy_expl_trans.aspx}},
  note = {Accessed: 2018-05-30}
}

@inproceedings{wisniewski2017parental,
  title={Parental Control vs. Teen Self-Regulation: Is there a middle ground for mobile online safety?},
  author={Wisniewski, Pamela and Ghosh, Arup Kumar and Xu, Heng and Rosson, Mary Beth and Carroll, John M},
  booktitle={Proceedings of the 2017 ACM Conference on Computer Supported Cooperative Work and Social Computing},
  pages={51--69},
  year={2017},
  organization={ACM}
}

@article{duerager2012can,
  title={How can parents support childrenâ€™s internet safety?},
  author={Duerager, Andrea and Livingstone, Sonia},
  year={2012},
  publisher={EU Kids Online}
}

@article{shin2014exploring,
  title={Exploring the role of parents and peers in young adolescents' risk taking on social networking sites},
  author={Shin, Wonsun and Ismail, Nurzali},
  journal={Cyberpsychology, Behavior, and Social Networking},
  volume={17},
  number={9},
  pages={578--583},
  year={2014},
  publisher={Mary Ann Liebert Inc. 140 Huguenot Street 3rd Floor New Rochelle NY 10801 USA}
}

@article{bandura1991social,
  title={Social cognitive theory of self-regulation},
  author={Bandura, Albert},
  journal={Organizational behavior and human decision processes},
  volume={50},
  number={2},
  pages={248--287},
  year={1991},
  publisher={Elsevier}
}

@article{baumeister1996self,
  title={Self-regulation failure: An overview},
  author={Baumeister, Roy F and Heatherton, Todd F},
  journal={Psychological inquiry},
  volume={7},
  number={1},
  pages={1--15},
  year={1996},
  publisher={Taylor \& Francis}
}

@article{d2013cope,
  title={How to cope and build online resilience?},
  author={d'Haenens, Leen and Vandoninck, Sofie and Donoso, Veronica},
  year={2013},
  publisher={EU Kids Online}
}




